@Article{ncbi2017entrez,
author = {NCBI Resource Coordinators},
title = {Database Resources of the National Center for Biotechnology Information},
journal = {Nucleic Acids Research},
volume = {45},
number = {D1},
pages = {D12-D17},
year = {2017},
doi = {10.1093/nar/gkw1071},
URL = {http://dx.doi.org/10.1093/nar/gkw1071},
eprint = {/oup/backfile/content_public/journal/nar/45/d1/10.1093_nar_gkw1071/3/gkw1071.pdf}
}

@Article{zerbino2018ensembl,
author = {Zerbino, D.R. and Achuthan, P. and Akanni, W. and Amode, M.R. and Barrell, D. and Bhai, J. and Billis, K. and Cummins, C. and Gall, A. and Gir√≥n, C.G. and Gil, L. and Gordon, L. and Haggerty, L. and Haskell, E. and Hourlier, T. and Izuogu, O.G. and Janacek, S.H. and Juettemann, T. and To, J.K. and Laird, M.R. and Lavidas, I. and Liu, Z. and Loveland, J.E. and Maurel, T. and McLaren, W. and Moore, B. and Mudge, J. and Murphy, D.N. and Newman, V. and Nuhn, M. and Ogeh, D. and Ong, C.K. and Parker, A. and Patricio, M. and Riat, H.S. and Schuilenburg, H. and Sheppard, D. and Sparrow, H. and Taylor, K. and Thormann, A. and Vullo, A. and Walts, B. and Zadissa, A. and Frankish, A. and Hunt, S.E. and Kostadima, M. and Langridge, N. and Martin, F.J. and Muffato, M. and Perry, E. and Ruffier, M. and Staines, D.M. and Trevanion, S.J. and Aken, B.L. and Cunningham, F. and Yates, A. and Flicek, P.},
title = {Ensembl 2018},
journal = {Nucleic Acids Research},
volume = {46},
number = {D1},
pages = {D754-D761},
year = {2018},
doi = {10.1093/nar/gkx1098},
URL = {http://dx.doi.org/10.1093/nar/gkx1098},
eprint = {/oup/backfile/content_public/journal/nar/46/d1/10.1093_nar_gkx1098/2/gkx1098.pdf}
}

@Article{bodenmiller2012cytof,
  title="{{M}ultiplexed mass cytometry profiling of cellular states perturbed by small-molecule regulators}",
  author="Bodenmiller, B. and Zunder, E.R. and Finck, R. and Chen, T.J. and Savig, E.S. and Bruggner, R.V. and Simonds, E.F. and Bendall, S.C. and Sachs, K. and Krutzik, P.O. and Nolan, G.P.",
  journal="Nature Biotechnology",
  volume="30",
  number="9",
  pages="858--867",
  year="2012"
}

@Article{gentleman2004bioconductor,
    Author="Gentleman, R.C. and Carey, V.J. and Bates, D.M. and Bolstad, B. and Dettling, M. and Dudoit, S. and Ellis, B. and Gautier, L. and Ge, Y. and Gentry, J. and Hornik, K.  and Hothorn, T. and Huber, W. and Iacus, S.  and Irizarry, R.  and Leisch, F.  and Li, C.  and Maechler, M. and Rossini, A.J. and Sawitzki, G. and Smith, C. and Smyth, G. and Tierney, L. and Yang, J.Y. and Zhang, J.",
    Title="{{B}ioconductor: open software development for computational biology and bioinformatics}",
    Journal="Genome Biology",
    Year="2004",
    Volume="5",
    Number="10",
    Pages="R80"
}

@Article{gatto2014mass,
    Author="Gatto, L. and Breckels, L.M. and Wieczorek, S. and Burger, T. and Lilley, K.S. ",
    Title="{{M}ass-spectrometry-based spatial proteomics data analysis using p{R}oloc and p{R}olocdata}",
    Journal="Bioinformatics",
    Year="2014",
    Volume="30",
    Number="9",
    Pages="1322--1324",
    Month="May"
}

@Article{fortin2014shinymethyl,
    Author="Fortin, J.P. and Fertig, E. and Hansen, K.",
    Title="{shiny{M}ethyl: interactive quality control of {I}llumina 450k {D}{N}{A} methylation arrays in {R}}",
    Journal="F1000 Research",
    Year="2014",
    Volume="3",
    Pages="175"
}

@Article{scheeder2017htsvis,
    Author="Scheeder, C. and Heigwer, F. and Boutros, M.",
    Title="{{H}{T}{S}vis: a web app for exploratory data analysis and visualization of arrayed high-throughput screens}",
    Journal="Bioinformatics",
    Year="2017",
    Volume="33",
    Number="18",
    Pages="2960--2962",
    Month="Sep"
}

@Article{huber2015orchestrating,
    Author="Huber, W. and Carey, V.J. and Gentleman, R. and Anders, S. and Carlson, M. and Carvalho, B.S. and Bravo, H.C. and Davis, S. and Gatto, L. and Girke, T. and Gottardo, R. and Hahne, F. and Hansen, K.D. and Irizarry, R.A. and Lawrence, M. and Love, M.I. and MacDonald, J. and Obenchain, V. and Ole\'{s}, A.K. and Pag\`{e}s, H. and Reyes, A. and Shannon, P. and Smyth, G.K. and Tenenbaum, D. and Waldron, L. and Morgan, M.",
    Title="{{O}rchestrating high-throughput genomic analysis with {B}ioconductor}",
    Journal="Nature Methods",
    Year="2015",
    Volume="12",
    Number="2",
    Pages="115--121",
    Month="Feb"
}

@Article{love2014moderated,
   Author="Love, M.I. and Huber, W. and Anders, S.",
   Title="{{M}oderated estimation of fold change and dispersion for {R}{N}{A}-seq data with {D}{E}{S}eq2}",
   Journal="Genome Biology",
   Year="2014",
   Volume="15",
   Number="12",
   Pages="550"
}

@Article{lun2016csaw,
   Author="Lun, A.T. and Smyth, G.K.",
   Title="{csaw: a {B}ioconductor package for differential binding analysis of {C}h{I}{P}-seq data using sliding windows}",
   Journal="Nucleic Acids Research",
   Year="2016",
   Volume="44",
   Number="5",
   Pages="e45",
   Month="Mar"
}

@Article{aryee2014minfi,
   Author="Aryee, M.J. and Jaffe, A.E. and Corrada-Bravo, H. and Ladd-Acosta, C. and Feinberg, A.P. and Hansen, K.D. and Irizarry, R.A.",
   Title="{{M}infi: a flexible and comprehensive {B}ioconductor package for the analysis of {I}nfinium {D}{N}{A} methylation microarrays}",
   Journal="Bioinformatics",
   Year="2014",
   Volume="30",
   Number="10",
   Pages="1363--1369",
   Month="May"
}

@Article{lun2016infrastructure,
   Author="Lun, A.T. and Perry, M. and Ing-Simmons, E.",
   Title="{{I}nfrastructure for genomic interactions: {B}ioconductor classes for {H}i-{C}, {C}h{I}{A}-{P}{E}{T} and related experiments}",
   Journal="F1000 Research",
   Year="2016",
   Volume="5",
   Pages="950"
}

@Article{finak2014opencyto,
   Author="Finak, G. and Frelinger, J. and Jiang, W. and Newell, E.W. and Ramey, J. and Davis, M.M. and Kalams, S.A. and De Rosa, S.C. and Gottardo, R.",
   Title="{{O}pen{C}yto: an open source infrastructure for scalable, robust, reproducible, and automated, end-to-end flow cytometry data analysis}",
   Journal="PLoS Computational Biology",
   Year="2014",
   Volume="10",
   Number="8",
   Pages="e1003806",
   Month="Aug"
}

@Manual{rcore2008R,
  title = {R: A Language and Environment for Statistical Computing},
  author = {{R Development Core Team}},
  organization = {R Foundation for Statistical Computing},
  address = {Vienna, Austria},
  year = {2008},
  note = {{ISBN} 3-900051-07-0},
  url = {http://www.R-project.org},
}

@Manual{chang2017shiny,
  title = {shiny: Web Application Framework for R},
  author = {Chang, W. and Cheng, J. and Allaire, J.J. and Xie, Y. and McPherson, J.},
  year = {2017},
  note = {R package version 1.0.5},
  url = {https://CRAN.R-project.org/package=shiny},
}

@Manual{chang2018shinydashboard,
    title = {shinydashboard: Create Dashboards with 'Shiny'},
    author = {Chang, W. and {Borges Ribeiro}, B.},
    year = {2018},
    note = {R package version 0.7.0},
    url = {https://CRAN.R-project.org/package=shinydashboard},
  }

@Article{zheng2017massively,
    Author="Zheng, G.X. and Terry, J.M. and Belgrader, P. and Ryvkin, P. and Bent, Z.W. and Wilson, R. and Ziraldo, S.B. and Wheeler, T.D. and McDermott, G.P. and Zhu, J. and Gregory, M.T. and Shuga, J. and Montesclaros, L. and Underwood, J.G. and Masquelier, D.A. and Nishimura, S.Y. and Schnall-Levin, M. and Wyatt, P.W. and Hindson, C.M. and Bharadwaj, R. and Wong, A. and Ness, K.D. and Beppu, L.W. and Deeg, H.J. and McFarland, C. and Loeb, K.R. and Valente, W.J. and Ericson, N.G. and Stevens, E.A. and Radich, J.P. and Mikkelsen, T.S. and Hindson, B.J. and Bielas, J.H.",
    Title="{{M}assively parallel digital transcriptional profiling of single cells}",
    Journal="Nature Communications",
    Year="2017",
    Volume="8",
    Pages="14049",
    Month="Jan"
}

@Article{marini2016interrepro,
	author = {Marini, F. and Binder, H.},
	title = {Development of Applications for Interactive and Reproducible Research: a Case Study},
	journal = {Genomics and Computational Biology},
	volume = {3},
	number = {1},
	year = {2016},
	keywords = {},
	abstract = {For a proper understanding of the organization and regulation of gene expression, the computational analysis is an essential component of the scientific workflow, and this is particularly true in the fields of biostatistics and bioinformatics. Interactivity and reproducibility are two highly relevant features to consider when adopting or designing a tool, and often they can not be provided simultaneously.In this work, we address the issue of developing a framework that can provide interactive analysis, in order to allow experimentalists to fully exploit advanced software tools, as well as reproducibility as an internal validation of the analysis steps, by providing the underlying code and data in such a way that enables the re-creation of the results, and also constitutes a didactic tool for the life scientist.We illustrate this paradigm with the help of the R/Bioconductor package pcaExplorer, designed as a practical companion for interactive and reproducible exploratory data analysis for high dimensional data (e.g. RNA-seq), and highlight some of the features that are provided in the software.},
	issn = {2365-7154},
	pages = {e39},
	doi = {10.18547/gcb.2017.vol3.iss1.e39},
	url = {https://genomicscomputbiol.org/ojs3/GCB/article/view/21}
}

@article{piccolo2015TCGA,
author = {Rahman, M. and Jackson, L.K. and Johnson, W.E. and Li, D.Y. and Bild, A.H. and Piccolo, S.R.},
title = {Alternative preprocessing of RNA-Sequencing data in The Cancer Genome Atlas leads to improved analysis results},
journal = {Bioinformatics},
volume = {31},
number = {22},
pages = {3666-3672},
year = {2015},
doi = {10.1093/bioinformatics/btv377},
URL = {http://dx.doi.org/10.1093/bioinformatics/btv377},
eprint = {/oup/backfile/content_public/journal/bioinformatics/31/22/10.1093_bioinformatics_btv377/2/btv377.pdf}
}

@article{tasic2016allen,
   author = {Tasic, B. and Menon, V. and Nguyen, T.N. and Kim, T.K. and Jarsky, T. and Yao, Z. and Levi, B. and Gray, L.T. and Sorensen, S.A. and Dolbeare, T. and Bertagnolli, D. and Goldy, J. and Shapovalova, N. and Parry, S. and Lee, C. and Smith, K. and Bernard, A. and Madisen, L. and Sunkin, S.M. and Hawrylycz, M. and Koch, C. and Zeng, H.},
   title = {Adult mouse cortical cell taxonomy revealed by single cell transcriptomics},
   journal = {Nature Neuroscience},
   volume = {19},
   number = {2},
   pages = {335-46},
   ISSN = {1546-1726 (Electronic)
1097-6256 (Linking)},
   DOI = {10.1038/nn.4216},
   url = {https://www.ncbi.nlm.nih.gov/pubmed/26727548},
   year = {2016},
   type = {Journal Article}
}

@Book{wickham2009ggplot2,
    author = {Wickham, H.},
    title = {ggplot2: Elegant Graphics for Data Analysis},
    publisher = {Springer-Verlag New York},
    year = {2009},
    isbn = {978-0-387-98140-6},
    url = {http://ggplot2.org},
  }

@Manual{garnier2018viridis,
    title = {viridis: Default Color Maps from 'matplotlib'},
    author = {Garnier, S.},
    year = {2018},
    note = {R package version 0.5.1},
    url = {https://CRAN.R-project.org/package=viridis},
  }

@Article{ganz2016rintrojs,
    title = {{rintrojs}: A Wrapper for the Intro.js Library},
    author = {Ganz, C.},
    journal = {Journal of Open Source Software},
    publisher = {The Open Journal},
    year = {2016},
    volume = {1},
    issue = {6},
    month = {October},
    url = {http://dx.doi.org/10.21105/joss.00063},
}

@article{lun2018distinguishing,
    author = {Lun, A.T. and Riesenfeld, S. and Andrews, T. and Dao, T.P. and Gomes, T. and {participants in the 1st Human Cell Atlas Jamboree} and Marioni, J.},
    title = {Distinguishing cells from empty droplets in droplet-based single-cell RNA sequencing data},
    year = {2018},
    doi = {10.1101/234872},
    publisher = {Cold Spring Harbor Laboratory},
    URL = {https://www.biorxiv.org/content/early/2018/04/04/234872},
    eprint = {https://www.biorxiv.org/content/early/2018/04/04/234872.full.pdf},
    journal = {bioRxiv}
}
